@book{dienst:1,
	author = {author},
	title = {title},
	date = {date},
	isbn {isbn}
}
